@article{DBLP:journals/jacm/SleatorT85,
  author    = {Daniel Dominic Sleator and
               Robert Endre Tarjan},
  title     = {Self-Adjusting Binary Search Trees},
  journal   = {J. {ACM}},
  volume    = {32},
  number    = {3},
  pages     = {652--686},
  year      = {1985},
  url       = {https://doi.org/10.1145/3828.3835},
  doi       = {10.1145/3828.3835},
  timestamp = {Wed, 14 Nov 2018 10:35:25 +0100},
  biburl    = {https://dblp.org/rec/bib/journals/jacm/SleatorT85},
  bibsource = {dblp computer science bibliography, https://dblp.org}
}

@article{DBLP:journals/acta/Knuth71,
  author    = {Donald E. Knuth},
  title     = {Optimum Binary Search Trees},
  journal   = {Acta Inf.},
  volume    = {1},
  pages     = {14--25},
  year      = {1971},
  url       = {https://doi.org/10.1007/BF00264289},
  doi       = {10.1007/BF00264289},
  timestamp = {Sun, 28 May 2017 13:22:48 +0200},
  biburl    = {https://dblp.org/rec/bib/journals/acta/Knuth71},
  bibsource = {dblp computer science bibliography, https://dblp.org}
}
@article{DBLP:journals/acta/Mehlhorn75,
  author    = {Kurt Mehlhorn},
  title     = {Nearly Optimal Binary Search Trees},
  journal   = {Acta Inf.},
  volume    = {5},
  pages     = {287--295},
  year      = {1975},
  url       = {https://doi.org/10.1007/BF00264563},
  doi       = {10.1007/BF00264563},
  timestamp = {Sun, 28 May 2017 13:22:46 +0200},
  biburl    = {https://dblp.org/rec/bib/journals/acta/Mehlhorn75},
  bibsource = {dblp computer science bibliography, https://dblp.org}
}
@article{DBLP:journals/siamcomp/GarsiaW77,
  author    = {Adriano M. Garsia and
               Michelle L. Wachs},
  title     = {A New Algorithm for Minimum Cost Binary Trees},
  journal   = {{SIAM} J. Comput.},
  volume    = {6},
  number    = {4},
  pages     = {622--642},
  year      = {1977},
  url       = {https://doi.org/10.1137/0206045},
  doi       = {10.1137/0206045},
  timestamp = {Sat, 27 May 2017 14:22:59 +0200},
  biburl    = {https://dblp.org/rec/bib/journals/siamcomp/GarsiaW77},
  bibsource = {dblp computer science bibliography, https://dblp.org}
}

@article{DBLP:journals/siamcomp/DemaineHIP07,
  author    = {Erik D. Demaine and
               Dion Harmon and
               John Iacono and
               Mihai Patrascu},
  title     = {Dynamic Optimality - Almost},
  journal   = {{SIAM} J. Comput.},
  volume    = {37},
  number    = {1},
  pages     = {240--251},
  year      = {2007},
  url       = {https://doi.org/10.1137/S0097539705447347},
  doi       = {10.1137/S0097539705447347},
  timestamp = {Wed, 14 Nov 2018 10:45:08 +0100},
  biburl    = {https://dblp.org/rec/bib/journals/siamcomp/DemaineHIP07},
  bibsource = {dblp computer science bibliography, https://dblp.org}
}

@book{Cormen:2009:IAT:1614191,
 author = {Cormen, Thomas H. and Leiserson, Charles E. and Rivest, Ronald L. and Stein, Clifford},
 title = {Introduction to Algorithms, Third Edition},
 year = {2009},
 isbn = {0262033844, 9780262033848},
 edition = {3rd},
 publisher = {The MIT Press}
} 

@inproceedings{DBLP:conf/soda/WangDS06,
  author    = {Chengwen Chris Wang and
               Jonathan Derryberry and
               Daniel Dominic Sleator},
  title     = {\emph{O}(log log \emph{n})-competitive dynamic binary search trees},
  booktitle = {Proceedings of the Seventeenth Annual {ACM-SIAM} Symposium on Discrete
               Algorithms, {SODA} 2006, Miami, Florida, USA, January 22-26, 2006},
  pages     = {374--383},
  year      = {2006},
  crossref  = {DBLP:conf/soda/2006},
  url       = {http://dl.acm.org/citation.cfm?id=1109557.1109600},
  timestamp = {Fri, 07 Dec 2012 17:02:09 +0100},
  biburl    = {https://dblp.org/rec/bib/conf/soda/WangDS06},
  bibsource = {dblp computer science bibliography, https://dblp.org}
}


@proceedings{DBLP:conf/soda/2006,
  title     = {Proceedings of the Seventeenth Annual {ACM-SIAM} Symposium on Discrete
               Algorithms, {SODA} 2006, Miami, Florida, USA, January 22-26, 2006},
  publisher = {{ACM} Press},
  year      = {2006},
  url       = {http://dl.acm.org/citation.cfm?id=1109557},
  isbn      = {0-89871-605-5},
  timestamp = {Fri, 07 Dec 2012 17:02:08 +0100},
  biburl    = {https://dblp.org/rec/bib/conf/soda/2006},
  bibsource = {dblp computer science bibliography, https://dblp.org}
}

@article{DBLP:journals/ipl/Georgakopoulos08,
  author    = {George F. Georgakopoulos},
  title     = {Chain-splay trees, or, how to achieve and prove loglogN-competitiveness
               by splaying},
  journal   = {Inf. Process. Lett.},
  volume    = {106},
  number    = {1},
  pages     = {37--43},
  year      = {2008},
  url       = {https://doi.org/10.1016/j.ipl.2007.10.001},
  doi       = {10.1016/j.ipl.2007.10.001},
  timestamp = {Fri, 26 May 2017 22:54:43 +0200},
  biburl    = {https://dblp.org/rec/bib/journals/ipl/Georgakopoulos08},
  bibsource = {dblp computer science bibliography, https://dblp.org}
}

@article{Prufer_codes,
author = {Prüfer, H},
year = {1918},
month = {01},
pages = {},
title = {Neuer Beweis eines Satzes über Permutationen},
volume = {27},
journal = {Archiv der Mathematik und Physik. 3. Reihe}
}